@article{goh2017why,
  author = {Goh, Gabriel},
  title = {Why Momentum Really Works},
  journal = {Distill},
  year = {2017},
  url = {http://distill.pub/2017/momentum},
  doi = {10.23915/distill.00006}
}

@book{nndl,
 author = {Leszek Rutkowski},
 title = {Metody i techniki sztucznej inteligencji},
 publisher = {Wydawnictwo Naukowe PWN},
 year = {2009}
 }
 

@manual{zajdel1,
 author = {dr hab. inż. Roman Zajdel},
 title = {Ćwiczenie 6 Model Neuronu},
 url = {http://materialy.prz-rzeszow.pl/pracownik/pliki/34/sztuczna-inteligencja-cw6-model-neuronu.pdf},
 organization = {Politechnika Rzeszowska, Katedra Automatyki i Informatyki}
}

@manual{zajdel2,
 author = {dr hab. inż. Roman Zajdel},
 title = {Ćwiczenie 8 Sieć Jednokierunkowa Jednowarstwowa},
 url = {http://materialy.prz-rzeszow.pl/pracownik/pliki/34/sztuczna-inteligencja-cw8-siec-jednowarstw.pdf},
 organization = {Politechnika Rzeszowska, Katedra Automatyki i Informatyki}
}

@manual{zajdel3,
 author = {dr hab. inż. Roman Zajdel},
 title = {Ćwiczenie 9 Sieć jednokierunkowa Wielowarstwowa},
 url = {http://materialy.prz-rzeszow.pl/pracownik/pliki/34/sztuczna-inteligencja-cw9-siec-wielowarstw.pdf},
 organization = {Politechnika Rzeszowska, Katedra Automatyki i Informatyki}
}

@manual{zajdel4,
 author = {dr hab. inż. Roman Zajdel},
 title = {Ćwiczenie 10 Przyspieszenie Procesu Uczenia},
 url = {http://materialy.prz-rzeszow.pl/pracownik/pliki/34/sztuczna-inteligencja-cw10-przysp-uczenia.pdf},
 organization = {Politechnika Rzeszowska, Katedra Automatyki i Informatyki}
}

@online{data,
 url = {http://archive.ics.uci.edu/ml/datasets/Dorothea},
 title = {Dorothea Data Set},
 publisher = {UC Irvine Machine Learning Repository}
}

@manual{matlab,
 url = {https://www.mathworks.com/help/matlab/},
 title = {Matlab Documentation},
 publisher = {MathWorks}
}